@book{elleaume,
  title={Undulators, Wigglers and Their Applications},
  author={Onuki, H. and Elleaume, P.},
  isbn={9780203218235},
  year={2003},
  publisher={CRC Press}
}

@article{hyerarchical,
author = "Sanchez del Rio, Manuel and Celestre, Rafael and Glass, Mark and Pirro, Giovanni and Herrera, Juan Reyes and Barrett, Ray and da Silva, Julio Cesar and Cloetens, Peter and Shi, Xianbo and Rebuffi, Luca",
title = "{A hierarchical approach for modeling X-ray beamlines: application to a coherent beamline}",
journal = "Journal of Synchrotron Radiation",
year = "2019",
volume = "26",
number = "6",
pages = "1887--1901",
month = "Nov",
doi = {10.1107/S160057751901213X},
url = {https://doi.org/10.1107/S160057751901213X},
keywords = {beamline, simulations},
}

@article{codeSPECTRA,
author = "Tanaka, Takashi and Kitamura, Hideo",
title = "{{\it SPECTRA}: a synchrotron radiation calculation code}",
journal = "Journal of Synchrotron Radiation",
year = "2001",
volume = "8",
number = "6",
pages = "1221--1228",
month = "Nov",
doi = {10.1107/S090904950101425X},
url = {https://doi.org/10.1107/S090904950101425X},
keywords = {computer code, synchrotron radiation sources, numerical methods},
}

@article{deltaundulator,
title = "Delta undulator model: Magnetic field and beam test results",
journal = "Nuclear Instruments and Methods in Physics Research Section A: Accelerators, Spectrometers, Detectors and Associated Equipment",
volume = "649",
number = "1",
pages = "42 - 45",
year = "2011",
note = "National Synchrotron Radiation Instrumentation conference in 2010",
issn = "0168-9002",
doi = "https://doi.org/10.1016/j.nima.2010.11.011",
url = "http://www.sciencedirect.com/science/article/pii/S0168900210024538",
author = "A. Temnykh and M. Babzien and D. Davis and M. Fedurin and K. Kusche and J. Park and V. Yakimenko",
keywords = "Undulator magnet",
}

@article{arxivCF,
    author = {Sanchez del Rio, M.},
    journal = {ArXiv},
    publisher = {Cornell University},
    title = {About the coherent fraction of synchrotron emission},
    year = {2018},
    url = {https://arxiv.org/abs/1801.07542},
}

@article{codeSHADOW,
    author = "Sanchez del Rio, M. and Canestrari, N. and Jiang, F. and Cerrina, F.",
    title = "{{\it SHADOW3}: a new version of the synchrotron X-ray optics modelling package}",
    journal = "Journal of Synchrotron Radiation",
    url = {http://dx.doi.org/10.1117/12.893433},
    year = "2011",
    volume = "18",
    number = "5",
    pages = "708--716",
}

@article{codeSHADOWOUI,
    author = "Rebuffi, L. and Sanchez del Rio, M.",
    title = "{{\it ShadowOui}: a new visual environment for X-ray optics and synchrotron beamline simulations}",
    journal = "Journal of Synchrotron Radiation",
    url={https://doi.org/10.1107/S1600577516013837},
    year = "2016",
    volume = "23",
    number = "6",
    pages = "1357--1367",
    month = "November"
}

@article{codeWOFRY,
author = {Rebuffi, L. and Sanchez del Rio, M.},
title = {Interoperability and complementarity of simulation tools for beamline design in the OASYS environment},
journal = {Proc. SPIE},
volume = {10388},
year = {2017},
doi = {10.1117/12.2274232},
URL = {https://doi.org/10.1117/12.2274232},
eprint = {}
}

@article{codeSRW,
    author = {O. Chubar and P. Elleaume},
    title = {Accurate and efficient computation of synchrotron radiation in the near field region},
    journal = {Proceedings of the 6th European Particle Accelerator Conference - EPAC-98},
    pages = {1177--1179},
    url = {http://accelconf.web.cern.ch/AccelConf/e98/PAPERS/THP01G.PDF},
    year = {1998},
}

@article{codeOASYS,
author = {Rebuffi, L. and Sanchez del Rio, M.},
title = {OASYS (OrAnge SYnchrotron Suite): an open-source graphical environment for x-ray virtual experiments},
journal = {Proc. SPIE},
volume = {10388},
number = {},
pages = {10388 - 10388 - 9},
year = {2017},
doi = {10.1117/12.2274263},
URL = {http://dx.doi.org/10.1117/12.2274263},
eprint = {}
}

@Misc{codeCOMSYL,
author = {Glass, M.},
year = {2017},
title = "{COMSYL, COherent Modes for SYnchrotron Light}",
URL = {http://github.com/mark-glass/comsyl},
}

@article{coherentfraction,
      author         = "Sanchez del Rio, Manuel",
      title          = "{About the coherent fraction of synchrotron emission}",
      year           = "2018",
      eprint         = "1801.07542",
      archivePrefix  = "arXiv",
      primaryClass   = "physics.acc-ph",
      SLACcitation   = "%%CITATION = ARXIV:1801.07542;%%"
}

@article{hybrid,
author = "Shi, Xianbo and Reininger, Ruben and Sanchez del Rio, Manuel and Assoufid, Lahsen",
title = "{A hybrid method for X-ray optics simulation: combining geometric ray-tracing and wavefront propagation}",
journal = "Journal of Synchrotron Radiation",
year = "2014",
volume = "21",
number = "4",
pages = "669--678",
month = "Jul",
doi = {10.1107/S160057751400650X},
url = {https://doi.org/10.1107/S160057751400650X},
keywords = {hybrid method, beamline design, X-ray optics simulation, ray-tracing, wavefront propagation, partial coherence},
}

@article{Canestrari2014,
    author = "Canestrari, N. and Chubar, O. and Reininger, R.",
    title = "{Partially coherent X-ray wavefront propagation simulations including grazing-incidence focusing optics}",
    journal = "Journal of Synchrotron Radiation",
    year = "2014",
    volume = "21",
    number = "5",
    pages = "1110--1121",
    month = "Sep",
    doi = {10.1107/S1600577514013058},
    url = {https://doi.org/10.1107/S1600577514013058},
}

@article{Chubar2011b,
    author = { Chubar, O. and Berman, L. and Chu, Y. S. and Fluerasu, S. and Hulbert, S. and Idir, M. and Kaznatcheev, K. and Shapiro, D. and Shen, Q. and Baltser, J.},
    title = {Development of partially-coherent wavefront propagation simulation methods for 3rd and 4th generation synchrotron radiation sources},
    journal = {Proc. SPIE},
    volume = {8141},
    number = {},
    pages = {8141 - 8141 - 10},
    year = {2011},
    doi = {10.1117/12.892812},
    URL = {http://dx.doi.org/10.1117/12.892812}
}

@article{GlassEPL,
  author="Glass, M. and Sanchez del Rio, M.",
  title={Coherent modes of X-ray beams emitted by undulators in new storage rings},
  journal={EPL (Europhysics Letters)},
  volume={119},
  number={3},
  pages={34004},
  doi = {10.1209/0295-5075/119/34004},
  url={http://doi.org/10.1209/0295-5075/119/34004},
  year={2017},
}

@article{dabam,
author = "Sanchez del Rio, Manuel and Bianchi, Davide and Cocco, Daniele and Glass, Mark and Idir, Mourad and Metz, Jim and Raimondi, Lorenzo and Rebuffi, Luca and Reininger, Ruben and Shi, Xianbo and Siewert, Frank and Spielmann-Jaeggi, Sibylle and Takacs, Peter and Tomasset, Muriel and Tonnessen, Tom and Vivo, Amparo and Yashchuk, Valeriy",
title = "{DABAM: an open-source database of X-ray mirrors metrology}",
journal = "Journal of Synchrotron Radiation",
year = "2016",
volume = "23",
number = "3",
pages = "665--678",
month = "May",
doi = {10.1107/S1600577516005014},
url = {https://doi.org/10.1107/S1600577516005014},
keywords = {X-ray mirror, metrology, database, Python, statistics},
}

@book{jackson,
  title={Classical electrodynamics},
  author={Jackson, J. D.},
  isbn={0-471-30932-X},
  year={1999},
  publisher={Wiley}
}

@Article{wise,
author = {D. Spiga and D.  Cocco and C. L.  Hardin and D. S. Morton and M. L.  Ng},
title = {Simulating the optical performances of the LCLS bendable mirrors using a 2D physical optics approach},
journal = {Proceedings SPIE},
volume = {10761},
pages = {1076107},
year = {2018},
doi = {10.1117/12.2323253},
URL = {https://doi.org/10.1117/12.2323253},
eprint = {}
}

@mastersthesis{pirro,
  author       = {Giovanni Pirro}, 
  title        = {Applications of Scaled Wave Optics Propagator to Model Synchrotron Beamlines},
  school       = {Politecnico di Milano},
  year         = 2017,
  howpublished = "\url{https://github.com/oasys-kit/wofry/blob/master/doc/pirro_thesis.pdf}"
}

@book{schmidt,
	author = {Schmidt, Jason D.},
	title = {Numerical Simulation of Optical Wave Propagation},
	publisher = {SPIE Press},
	address = {Bellingham, WA, USA}, 
	year = {2010},
}

@Book{goodmanfourier,
  Title                    = {Introduction to Fourier Optics},
  Author                   = {J. W. Goodman},
  Publisher                = {w.h.freeman},
  Year                     = {2017},
  Address                  = {New Yor, USA},
  Edition                  = {Four},
  ISBN                     = {10: 1-319-11916-6}
}

@book{bornwolf,
  author = {Born, Max and Wolf, Emil},
  edition = {7th},
  isbn = {0521642221},
  publisher = {Cambridge University Press},
  timestamp = {2009-05-17T11:48:37.000+0200},
  title = {Principles of Optics: Electromagnetic Theory of Propagation, Interference and Diffraction of Light (7th Edition)},
  year = 1999
}

@article{firstShadow,
author = { F. Cerrina},
journal = {Proc. SPIE},
title = {Ray Tracing Of Recent VUV Monochromator Designs},
volume = {0503},
year = {1984},
doi = {10.1117/12.944815},
URL = {https://doi.org/10.1117/12.944815},
eprint = {}
}
}